@article{Cao_2023,
	doi = {10.1103/physrevd.107.103521},
	
	
	
	year = 2023,
	month = {may},
	
	publisher = {American Physical Society ({APS})},
	
	volume = {107},
	
	number = {10},
	
	author = {Shulei Cao and Bharat Ratra},
	
	title = {{$H_0 = 69.8 \pm 1.3 km s^{-1} Mpc^{-1}, \Omega_{m0}= 0.288 \pm 0.017$}, and other constraints from
	lower-redshift, non-CMB, ex
	sion-rate data},
	url = {https://doi.org/10.1103/PhysRevD.107.103521},
	journal = {Physical Review D}
}
@article{Radial_velocity_measurements,
	author = {Brandt, John C.},
	title = { A Spectroscopic Study of the Motions in Messier {$33^*$}},
	journal = {Monthly Notices of the Royal Astronomical Society},
	volume = {129},
	number = {4},
	pages = {309-319},
	year = {1965},
	month = {04},
	abstract = "{ Radial velocity measurements of {$H_{\alpha}$} from the emission knots in M33 have been used to establish the rotation curve out to 30' from the centre. The radio measurements are used to extend the rotation curve to 60'. A model is derived from the rotation curve which has a total mass of {$3.4\cdot 10^{10}$} ${M_{\odot}}$ and a mass to blue light ratio of 15. }",
	issn = {0035-8711},
	doi = {10.1093/mnras/129.4.309},
	url = {https://doi.org/10.1093/mnras/129.4.309},
	eprint = {https://academic.oup.com/mnras/article-pdf/129/4/309/8072995/mnras129-0309.pdf},
}

@ARTICLE{Angular_Velocity,
	author = {{Rubin}, V.C. and {Ford}, W.K., Jr. and {Thonnard}, N.},
	title = "{Extended rotation curves of high-luminosity spiral galaxies. IV. Systematic dynamical properties, Sa {$\rightarrow$} Sc}",
	journal = {apjl},
	keywords = {Angular Velocity, Galactic Rotation, Galactic Structure, Luminous Intensity, Spiral Galaxies, Astrodynamics, Astronomical Models, Curves (Geometry), Galactic Radiation, Astrophysics, Spiral Galaxies:Internal Motions, Spiral Galaxies: Structure},
	year = 1978,
	month = nov,
	volume = {225},
	pages = {L107-L111},
	doi = {/182804},
	adsurl = {https://ui.adsabs.harvard.edu/abs/1978ApJ...225L.107R},
	adsnote = {Provided by the SAO/NASA Astrophysics Data System}
}
@misc{palau2022oblateness,
	title={The oblateness of the Milky Way dark matter halo from the stellar streams of NGC 3201, M68, and Palomar 5}, 
	author={Carles G. Palau and Jordi Miralda-Escude},
	year={2022},
	eprint={2212.03587},
	archivePrefix={arXiv},
	primaryClass={astro-ph.GA}
}

@article{Zumalac_rregui_2018,
	doi = {10.1103/physrevlett.121.141101},
	
	url = {https://doi.org/10.1103/PhysRevLett.121.141101},
	
	year = 2018,
	month = {oct},
	
	publisher = {American Physical Society ({APS})},
	
	volume = {121},
	
	number = {14},
	
	author = {Miguel Zumalac{\'{a}}rregui and Uro{\v{s}} Seljak},
	
	title = {Limits on Stellar-Mass Compact Objects as Dark Matter from Gravitational Lensing of Type Ia Supernovae},
	
	journal = {Physical Review Letters}
}

@article{Blaineau_2022,
	doi = {10.1051/0004-6361/202243430},
	
	url = {https://doi.org/10.1051/0004-6361/202243430},
	
	year = 2022,
	month = {aug},
	
	publisher = {{EDP} Sciences},
	
	volume = {664},
	
	pages = {A106},
	
	author = {T. Blaineau and M. Moniez and C. Afonso and J.-N. Albert and R. Ansari and E. Aubourg and C. Coutures and J.-F. Glicenstein and B. Goldman and C. Hamadache and T. Lasserre and L. Le Guillou and E. Lesquoy and C. Magneville and J.-B. Marquette and N. Palanque-Delabrouille and O. Perdereau and J. Rich and M. Spiro and P. Tisserand},
	
	title = {New limits from microlensing on Galactic black holes in the mass range {$10M_{\odot}<M<1000M_{\odot}$}},
	
	journal = {Astronomy {\&} Astrophysics}
}


@ARTICLE{1984ApJ...286....7B,
	author = {{Bekenstein}, J. and {Milgrom}, M.},
	title = {Does the missing mass problem signal the breakdown of Newtonian gravity?},
	journal = {apj},
	keywords = {Galactic Rotation, Gravitation Theory, Mass Distribution, Missing Mass (Astrophysics), Newton Theory, Nonrelativistic Mechanics, Potential Theory, Computational Astrophysics, Cosmology, Equivalence, Poisson Equation, Astrophysics},
	year = 1984,
	month = nov,
	volume = {286},
	pages = {7-14},
	doi = {10.1086/162570},
	adsurl = {https://ui.adsabs.harvard.edu/abs/1984ApJ...286....7B},
	adsnote = {Provided by the SAO/NASA Astrophysics Data System}
}

@article{Boyarsky_2019,
	doi = {10.1016/j.ppnp.2018.07.004},
	
	url = {https://doi.org/10.1016/j.ppnp.2018.07.004},
	
	year = 2019,
	month = {jan},
	
	publisher = {Elsevier {BV}},
	
	volume = {104},
	
	pages = {1--45},
	
	author = {A. Boyarsky and M. Drewes and T. Lasserre and S. Mertens and O. Ruchayskiy},
	
	title = {Sterile neutrino Dark Matter},
	
	journal = {Progress in Particle and Nuclear Physics}
}



@book{Kolb:1990vq,
	author = "Kolb, Edward W. and Turner, Michael S.",
	title = {The Early Universe},
	reportNumber = "FERMILAB-BOOK-1990-01",
	doi = "10.1201/9780429492860",
	isbn = "978-0-201-62674-2",
	volume = "69",
	year = "1990",
	pages = "119-129"
}


@article{Schumann_2019,
	doi = {10.1088/1361-6471/ab2ea5},
	url = {https://dx.doi.org/10.1088/1361-6471/ab2ea5},
	year = {2019},
	month = {aug},
	publisher = {IOP Publishing},
	volume = {46},
	number = {10},
	pages = {103003},
	author = {Marc Schumann},
	title = {Direct detection of WIMP dark matter: concepts and status},
	journal = {Journal of Physics G: Nuclear and Particle Physics},
	abstract = {The existence of dark matter as evidenced by numerous indirect observations is one of the most important indications that there must be physics beyond the Standard Model of particle physics. This article reviews the concepts of direct detection of dark matter in the form of Weakly Interacting Massive Particles in ultra-sensitive detectors located in underground laboratories, discusses the expected signatures, detector concepts, and how the stringent low-background requirements are achieved. Finally, it summarizes the current status of the field and provides an outlook on the years to come.}
}

@article{Bernabei_2018,
	doi = {10.15407/jnpae2018.04.307},
	
	url = {https://doi.org/10.15407/jnpae2018.04.307},
	
	year = 2018,
	month = {dec},
	
	publisher = {National Academy of Sciences of Ukraine (Co. {LTD} Ukrinformnauka) (Publications)},
	
	volume = {19},
	
	number = {4},
	
	pages = {307--325},
	
	author = {R. Bernabei and   and P. Belli and A. Bussolotti and F. Cappella and V. Caracciolo and R. Cerulli and C.J. Dai and A. d'Angelo and A. Di Marco and H.L. He and A. Incicchitti and X.H. Ma and A. Mattei and V. Merlo and F. Montecchia and X.D. Sheng and Z.P. Ye },
	
	title = {First model independent results from {DAMA}/{LIBRA}-phase2},
	
	journal = {Nuclear Physics and Atomic Energy}
}

@article{Adhikari_2022,
	doi = {10.1103/physrevd.106.052005},
	
	url = {https://doi.org/10.1103/physrevd.106.052005},
	
	year = 2022,
	month = {sep},
	
	publisher = {American Physical Society ({APS})},
	
	volume = {106},
	
	number = {5},
	
	author = {G. Adhikari and E. Barbosa de Souza and N. Carlin and J.{\hspace{0.167em}
	}J. Choi and S. Choi and A.{\hspace{0.167em}}C. Ezeribe and L.{\hspace{0.167em}}E. Fran{\c{c}}a and C. Ha and I.{\hspace{0.167em}}S. Hahn and S.{\hspace{0.167em}}J. Hollick and E.{\hspace{0.167em}}J. Jeon and J.{\hspace{0.167em}}H. Jo and H.{\hspace{0.167em}}W. Joo and W.{\hspace{0.167em}}G. Kang and M. Kauer and H. Kim and H.{\hspace{0.167em}}J. Kim and J. Kim and K.{\hspace{0.167em}}W. Kim and S.{\hspace{0.167em}}H. Kim and S.{\hspace{0.167em}}K. Kim and W.{\hspace{0.167em}}K. Kim and Y.{\hspace{0.167em}}D. Kim and Y.{\hspace{0.167em}}H. Kim and Y.{\hspace{0.167em}}J. Ko and H.{\hspace{0.167em}}J. Kwon and D.{\hspace{0.167em}}H. Lee and E.{\hspace{0.167em}}K. Lee and H. Lee and H.{\hspace{0.167em}}S. Lee and H.{\hspace{0.167em}}Y. Lee and I.{\hspace{0.167em}}S. Lee and J. Lee and J.{\hspace{0.167em}}Y. Lee and M.{\hspace{0.167em}}H. Lee and S.{\hspace{0.167em}}H. Lee and S.{\hspace{0.167em}}M. Lee and D.{\hspace{0.167em}}S. Leonard and B.{\hspace{0.167em}}B. Manzato and R.{\hspace{0.167em}}H. Maruyama and R.{\hspace{0.167em}}J. Neal and B.{\hspace{0.167em}}J. Park and H.{\hspace{0.167em}}K. Park and H.{\hspace{0.167em}}S. Park and K.{\hspace{0.167em}}S. Park and S.{\hspace{0.167em}}D. Park and R.{\hspace{0.167em}}L.{\hspace{0.167em}}C. Pitta and H. Prihtiadi and S.{\hspace{0.167em}}J. Ra and C. Rott and K.{\hspace{0.167em}}A. Shin and A. Scarff and N.{\hspace{0.167em}}J.{\hspace{0.167em}}C. Spooner and W.{\hspace{0.167em}}G. Thompson and L. Yang and G.{\hspace{0.167em}}H. Yu and},
	
	title = {Three-year annual modulation search with {COSINE}-100},
	
	journal = {Physical Review D}
}

@misc{kamiokandecollaboration2015search,
	title={Search for neutrinos from annihilation of captured low-mass dark matter particles in the Sun by Super-Kamiokande}, 
	author={Kamiokande Collaboration and K. Choi and K. Abe and Y. Haga and Y. Hayato and K. Iyogi and J. Kameda and Y. Kishimoto and M. Miura and S. Moriyama and M. Nakahata and Y. Nakano and S. Nakayama and H. Sekiya and M. Shiozawa and Y. Suzuki and A. Takeda and T. Tomura and R. A. Wendell and T. Irvine and 2 T. Kajita and I. Kametani and 2 K. Kaneyuki and K. P. Lee and Y. Nishimura and 2 K. Okumura and T. McLachlan and 2 L. Labarga and E. Kearns and J. L. Raaf and 4 J. L. Stone and L. R. Sulak and 4 S. Berkman and 5 H. A. Tanaka and 5 S. Tobayama and M. Goldhaber and G. Carminati and W. R. Kropp and S. Mine and A. Renshaw and M. B. Smy and H. W. Sobel and K. S. Ganezer and J. Hill and N. Hong and J. Y. Kim and I. T. Lim and T. Akiri and A. Himmel and K. Scholberg and C. W. Walter and T. Wongjirad and T. Ishizuka and S. Tasaka and J. S. Jang and J. G. Learned and S. Matsuno and S. N. Smith and T. Hasegawa and T. Ishida and T. Ishii and T. Kobayashi and T. Nakadaira and K. Nakamura and Y. Oyama and K. Sakashita and T. Sekiguchi and T. Tsukamoto and A. T. Suzuki and Y. Takeuchi and C. Bronner and S. Hirota and K. Huang and K. Ieki and M. Ikeda and T. Kikawa and A. Minamino and T. Nakaya and K. Suzuki and S. Takahashi and Y. Fukuda and Y. Itow and G. Mitsuka and P. Mijakowski and J. Hignight and J. Imber and C. K. Jung and C. Yanagisawa and H. Ishino and A. Kibayashi and Y. Koshio and T. Mori and M. Sakuda and T. Yano and Y. Kuno and R. Tacik and S. B. Kim and H. Okazawa and Y. Choi and K. Nishijima and M. Koshiba and Y. Totsuka and M. Yokoyama and K. Martens and Ll. Marti and M. R. Vagins and J. F. Martin and P. de Perio and A. Konaka and M. J. Wilking and S. Chen and Y. Zhang and R. J. Wilkes},
	year={2015},
	eprint={1503.04858},
	archivePrefix={arXiv},
	primaryClass={hep-ex}
}
@article{ADRIANMARTINEZ201669,
	title = {Limits on dark matter annihilation in the sun using the ANTARES neutrino telescope},
	journal = {Physics Letters B},
	volume = {759},
	pages = {69-74},
	year = {2016},
	issn = {0370-2693},
	doi = {https://doi.org/10.1016/j.physletb.2016.05.019},
	url = {https://www.sciencedirect.com/science/article/pii/S0370269316301666},
	author = {S. Adrián-Martínez and A. Albert and M. André and G. Anton and M. Ardid and J.-J. Aubert and T. Avgitas and B. Baret and J. Barrios-Martí and S. Basa and V. Bertin and S. Biagi and R. Bormuth and M.C. Bouwhuis and R. Bruijn and J. Brunner and J. Busto and A. Capone and L. Caramete and J. Carr and S. Celli and T. Chiarusi and M. Circella and A. Coleiro and R. Coniglione and H. Costantini and P. Coyle and A. Creusot and A. Deschamps and G. {De Bonis} and C. Distefano and C. Donzaud and D. Dornic and D. Drouhin and T. Eberl and I. {El Bojaddaini} and D. Elsässer and A. Enzenhöfer and K. Fehn and I. Felis and L.A. Fusco and S. Galatà and P. Gay and S. Geißelsöder and K. Geyer and V. Giordano and A. Gleixner and H. Glotin and R. Gracia-Ruiz and K. Graf and S. Hallmann and H. {van Haren} and A.J. Heijboer and Y. Hello and J.J. Hernández-Rey and J. Hößl and J. Hofestädt and C. Hugon and G. Illuminati and C.W. James and M. {de Jong} and M. Jongen and M. Kadler and O. Kalekin and U. Katz and D. Kießling and A. Kouchner and M. Kreter and I. Kreykenbohm and V. Kulikovskiy and C. Lachaud and R. Lahmann and D. Lefèvre and E. Leonora and S. Loucatos and M. Marcelin and A. Margiotta and A. Marinelli and J.A. Martínez-Mora and A. Mathieu and K. Melis and T. Michael and P. Migliozzi and A. Moussa and C. Mueller and E. Nezri and G.E. Păvălaş and C. Pellegrino and C. Perrina and P. Piattelli and V. Popa and T. Pradier and C. Racca and G. Riccobene and K. Roensch and M. Saldaña and D.F.E. Samtleben and A. Sánchez-Losa and M. Sanguineti and P. Sapienza and J. Schnabel and F. Schüssler and T. Seitz and C. Sieger and M. Spurio and Th. Stolarczyk and M. Taiuti and C. Tönnis and A. Trovato and M. Tselengidou and D. Turpin and B. Vallage and C. Vallée and V. {Van Elewyck} and D. Vivolo and S. Wagner and J. Wilms and J.D. Zornoza and J. Zúñiga},
	keywords = {Dark matter, WIMP, Neutralino, Indirect detection, Neutrino telescope, Sun},

}

@article{Aartsen_2017,
	doi = {10.1140/epjc/s10052-017-4689-9},
	
	url = {https://doi.org/10.1140/epjc/s10052-017-4689-9},
	
	year = 2017,
	month = {mar},
	
	publisher = {Springer Science and Business Media {LLC}
	},
	
	volume = {77},
	
	number = {3},
	
	author = {M. G. Aartsen and M. Ackermann et al.},
	
	title = {Search for annihilating dark matter in the Sun with 3~years of {IceCube} data},
	
	journal = {The European Physical Journal C}
}

@misc{adams2023axion,
	title={Axion Dark Matter}, 
	author={C. B. Adams and N. Aggarwal and A. Agrawal and R. Balafendiev and C. Bartram and M. Baryakhtar and H. Bekker and P. Belov and K. K. Berggren and A. Berlin and C. Boutan and D. Bowring and D. Budker and A. Caldwell and P. Carenza and G. Carosi and R. Cervantes and S. S. Chakrabarty and S. Chaudhuri and T. Y. Chen and S. Cheong and A. Chou and R. T. Co and J. Conrad and D. Croon and R. T. D'Agnolo and M. Demarteau and N. DePorzio and M. Descalle and K. Desch and L. Di Luzio and A. Diaz-Morcillo and K. Dona and I. S. Drachnev and A. Droster and N. Du and K. Dunne and B. Döbrich and S. A. R. Ellis and R. Essig and J. Fan and J. W. Foster and J. T. Fry and A. Gallo Rosso and J. M. García Barceló and I. G. Irastorza and S. Gardner and A. A. Geraci and S. Ghosh and B. Giaccone and M. Giannotti and B. Gimeno and D. Grin and H. Grote and M. Guzzetti and M. H. Awida and R. Henning and S. Hoof and G. Hoshino and V. Irsic and K. D. Irwin and H. Jackson and D. F. Jackson Kimball and J. Jaeckel and K. Jakovcic and M. J. Jewell and M. Kagan and Y. Kahn and R. Khatiwada and S. Knirck and T. Kovachy and P. Krueger and S. E. Kuenstner and N. A. Kurinsky and R. K. Leane and A. F. Leder and C. Lee and K. W. Lehnert and E. W. Lentz and S. M. Lewis and J. Liu and M. Lynn and B. Majorovits and D. J. E. Marsh and R. H. Maruyama and B. T. McAllister and A. J. Millar and D. W. Miller and J. Mitchell and S. Morampudi and G. Mueller and S. Nagaitsev and E. Nardi and O. Noroozian and C. A. J. O'Hare and N. S. Oblath and J. L. Ouellet and K. M. W. Pappas and H. V. Peiris and K. Perez and A. Phipps and M. J. Pivovaroff and P. Quílez and N. M. Rapidis and V. H. Robles and K. K. Rogers and J. Rudolph and J. Ruz and G. Rybka and M. Safdari and B. R. Safdi and M. S. Safronova and C. P. Salemi and P. Schuster and A. Schwartzman and J. Shu and M. Simanovskaia and J. Singh and S. Singh and K. Sinha and J. T. Sinnis and M. Siodlaczek and M. S. Smith and W. M. Snow and A. V. Sokolov and A. Sonnenschein and D. H. Speller and Y. V. Stadnik and C. Sun and A. O. Sushkov and T. M. P. Tait and V. Takhistov and D. B. Tanner and F. Tavecchio and D. J. Temples and J. H. Thomas and M. E. Tobar and N. Toro and Y. -D. Tsai and E. C. van Assendelft and K. van Bibber and M. Vandegar and L. Visinelli and E. Vitagliano and J. K. Vogel and Z. Wang and A. Wickenbrock and L. Winslow and S. Withington and M. Wooten and J. Yang and B. A. Young and F. Yu and K. Zhou and T. Zhou},
	year={2023},
	eprint={2203.14923},
	archivePrefix={arXiv},
	primaryClass={hep-ex}
}
@misc{berezinsky1996dark,
	title={Dark matter particles}, 
	author={V. Berezinsky},
	year={1996},
	eprint={astro-ph/9610263},
	archivePrefix={arXiv},
	primaryClass={astro-ph}
}



@ARTICLE{1985ApJ...296..679P,
	author = {{Press}, W.~H. and {Spergel}, D.~N.},
	title = "{Capture by the sun of a galactic population of weakly interacting, massive particles}",
	journal = {apj},
	keywords = {Capture Effect, Elementary Particles, Missing Mass (Astrophysics), Solar Neutrinos, Solar Physics, Kinematics, Milky Way Galaxy, Rates (Per Time), Scattering Cross Sections, Stellar Mass Accretion, Astrophysics},
	year = 1985,
	month = sep,
	volume = {296},
	pages = {679-684},
	doi = {10.1086/163485},
	adsurl = {https://ui.adsabs.harvard.edu/abs/1985ApJ...296..679P},
	adsnote = {Provided by the SAO/NASA Astrophysics Data System}
}
@ARTICLE{1987ApJ...321..571G,
	author = {{Gould}, Andrew},
	title = "{Resonant Enhancements in Weakly Interacting Massive Particle Capture by the Earth}",
	journal = {apj},
	keywords = {Capture Effect, Earth Environment, Elementary Particle Interactions, Particle Mass, Resonance, Weak Interactions (Field Theory), Dirac Equation, Neutrinos, Solar Temperature, Space Radiation, ELEMENTARY PARTICLES, NEUTRINOS},
	year = 1987,
	month = oct,
	volume = {321},
	pages = {571},
	doi = {10.1086/165653},
	adsurl = {https://ui.adsabs.harvard.edu/abs/1987ApJ...321..571G},
	adsnote = {Provided by the SAO/NASA Astrophysics Data System}
}
@article{French_2022,
	doi = {10.1103/physrevd.106.115037},
	
	url = {https://doi.org/10.1103/physrevd.106.115037},
	
	year = 2022,
	month = {dec},
	
	publisher = {American Physical Society ({APS})},
	
	volume = {106},
	
	number = {11},
	
	author = {George M. French and Marc Sher},
	
	title = {Monoenergetic neutrinos from {WIMP} annihilation in Jupiter},
	
	journal = {Physical Review D}
}


@article{PhysRevD.64.043502,
	title = {Inelastic dark matter},
	author = {Smith, David and Weiner, Neal},
	journal = {Phys. Rev. D},
	volume = {64},
	issue = {4},
	pages = {043502},
	numpages = {11},
	year = {2001},
	month = {Jul},
	publisher = {American Physical Society},
	url = {https://link.aps.org/doi/10.1103/PhysRevD.64.043502},
	doi = {10.1103/PhysRevD.64.043502}
	
}

@article{Blennow_2018,
	doi = {10.1140/epjc/s10052-018-5863-4},
	
	url = {https://doi.org/10.1140/epjc/s10052-018-5863-4},
	
	year = 2018,
	month = {may},
	
	publisher = {Springer Science and Business Media {LLC}
	},
	
	volume = {78},
	
	number = {5},
	
	author = {Mattias Blennow and Stefan Clementz and Juan Herrero-Garcia},
	
	title = {The distribution of inelastic dark matter in the Sun},
	
	journal = {The European Physical Journal C}
}

@article{Fitzpatrick_2013,
	doi = {10.1088/1475-7516/2013/02/004},
	
	url = {https://doi.org/10.1088/1475-7516/2013/02/004},
	
	year = 2013,
	month = {feb},
	
	publisher = {{IOP} Publishing},
	
	volume = {2013},
	
	number = {02},
	
	pages = {004--004},
	
	author = {A. Liam Fitzpatrick and Wick Haxton and Emanuel Katz and Nicholas Lubbers and Yiming Xu},
	
	title = {The effective field theory of dark matter direct detection},
	
	journal = {Journal of Cosmology and Astroparticle Physics}
}

@article{D_da_2007,
	title = {Model-independent form factors for spin-independent neutralino{\textendash}nucleon scattering from elastic electron scattering data},
	doi = {10.1088/1475-7516/2007/04/012},
	
	url = {https://doi.org/10.1088/1475-7516/2007/04/012},
	
	year = 2007,
	month = {apr},
	
	publisher = {{IOP} Publishing},
	
	volume = {2007},
	
	number = {04},
	
	pages = {012--012},
	
	author = {Gintaras D {\={u}} da and Ann Kemper and Paolo Gondolo},
	

	
	journal = {Journal of Cosmology and Astroparticle Physics}
}

@article{CIRELLI2008338,
	title = {Erratum to: “Spectra of neutrinos from dark matter annihilations” [Nucl. Phys. B 727 (2005) 99–138]},
	journal = {Nuclear Physics B},
	volume = {790},
	number = {1},
	pages = {338-344},
	year = {2008},
	issn = {0550-3213},
	doi = {https://doi.org/10.1016/j.nuclphysb.2007.10.001},
	url = {https://www.sciencedirect.com/science/article/pii/S0550321307007596},
	author = {Marco Cirelli and Nicolao Fornengo and Teresa Montaruli and Igor Sokalski and Alessandro Strumia and Francesco Vissani}
}

@article{Aartsen_2017,
	doi = {10.1140/epjc/s10052-017-4689-9},
	
	url = {https://doi.org/0.1140/epjc/s10052-017-4689-9},
	
	year = 2017,
	month = {mar},
	
	publisher = {Springer Science and Business Media {LLC}
	},
	
	volume = {77},
	
	number = {3},
	
	author = {M. G. Aartsen and M. Ackermann and J. Adams and J. A. Aguilar and M. Ahlers and M. Ahrens and D. Altmann and K. Andeen and T. Anderson and I. Ansseau and G. Anton and M. Archinger and C. Argüelles and J. Auffenberg and S. Axani and X. Bai and S. W. Barwick and V. Baum and R. Bay and J. J. Beatty and J. Becker~Tjus and K.-H. Becker and S. BenZvi and D. Berley and E. Bernardini and A. Bernhard and D. Z. Besson and G. Binder and D. Bindig and M. Bissok and E. Blaufuss and S. Blot and C. Bohm and M. Börner and F. Bos and D. Bose and S. Böser and O. Botner and J. Braun and L. Brayeur and H.-P. Bretz and S. Bron and A. Burgman and T. Carver and M. Casier and E. Cheung and D. Chirkin and A. Christov and K. Clark and L. Classen and S. Coenders and G. H. Collin and J. M. Conrad and D. F. Cowen and R. Cross and M. Day and J. P. A. M. de Andr{\'{e}} and C. De Clercq and E. del Pino~Rosendo and H. Dembinski and S. De Ridder and P. Desiati and K. D. de Vries and G. de Wasseige and M. de With and T. DeYoung and J. C. D{\'{\i}}az-V{\'{e}}lez and V. di Lorenzo and H. Dujmovic and J. P. Dumm and M. Dunkman and B. Eberhardt and T. Ehrhardt and B. Eichmann and P. Eller and S. Euler and P. A. Evenson and S. Fahey and A. R. Fazely and J. Feintzeig and J. Felde and K. Filimonov and C. Finley and S. Flis and C.-C. Fösig and A. Franckowiak and E. Friedman and T. Fuchs and T. K. Gaisser and J. Gallagher and L. Gerhardt and K. Ghorbani and W. Giang and L. Gladstone and T. Glauch and T. Glüsenkamp and A. Goldschmidt and J. G. Gonzalez and D. Grant and Z. Griffith and C. Haack and A. Hallgren and F. Halzen and E. Hansen and T. Hansmann and K. Hanson and D. Hebecker and D. Heereman and K. Helbing and R. Hellauer and S. Hickford and J. Hignight and G. C. Hill and K. D. Hoffman and R. Hoffmann and K. Hoshina and F. Huang and M. Huber and K. Hultqvist and S. In and A. Ishihara and E. Jacobi and G. S. Japaridze and M. Jeong and K. Jero and B. J. P. Jones and W. Kang and A. Kappes and T. Karg and A. Karle and U. Katz and M. Kauer and A. Keivani and J. L. Kelley and A. Kheirandish and J. Kim and M. Kim and T. Kintscher and J. Kiryluk and T. Kittler and S. R. Klein and G. Kohnen and R. Koirala and H. Kolanoski and R. Konietz and L. Köpke and C. Kopper and S. Kopper and D. J. Koskinen and M. Kowalski and K. Krings and M. Kroll and G. Krückl and C. Krüger and J. Kunnen and S. Kunwar and N. Kurahashi and T. Kuwabara and M. Labare and J. L. Lanfranchi and M. J. Larson and F. Lauber and D. Lennarz and M. Lesiak-Bzdak and M. Leuermann and L. Lu and J. Lünemann and J. Madsen and G. Maggi and K. B. M. Mahn and S. Mancina and M. Mandelartz and R. Maruyama and K. Mase and R. Maunu and F. McNally and K. Meagher and M. Medici and M. Meier and A. Meli and T. Menne and G. Merino and T. Meures and S. Miarecki and T. Montaruli and M. Moulai and R. Nahnhauer and U. Naumann and G. Neer and H. Niederhausen and S. C. Nowicki and D. R. Nygren and A. Obertacke~Pollmann and A. Olivas and A. O'Murchadha and T. Palczewski and H. Pandya and D. V. Pankova and P. Peiffer and Ö. Penek and J. A. Pepper and C. P{\'{e}}rez~de~los~Heros and D. Pieloth and E. Pinat and P. B. Price and G. T. Przybylski and M. Quinnan and C. Raab and L. Rädel and M. Rameez and K. Rawlins and R. Reimann and B. Relethford and M. Relich and E. Resconi and W. Rhode and M. Richman and B. Riedel and S. Robertson and M. Rongen and C. Rott and T. Ruhe and D. Ryckbosch and D. Rysewyk and L. Sabbatini and S. E. Sanchez~Herrera and A. Sandrock and J. Sandroos and S. Sarkar and K. Satalecka and P. Schlunder and T. Schmidt and S. Schoenen and S. Schöneberg and L. Schumacher and D. Seckel and S. Seunarine and D. Soldin and M. Song and G. M. Spiczak and C. Spiering and T. Stanev and A. Stasik and J. Stettner and A. Steuer and T. Stezelberger and R. G. Stokstad and A. Stö{\ss}l and R. Ström and N. L. Strotjohann and G. W. Sullivan and M. Sutherland and H. Taavola and I. Taboada and J. Tatar and F. Tenholt and S. Ter-Antonyan and A. Terliuk and G. Te{\v{s}}i{\'{c}} and S. Tilav and P. A. Toale and M. N. Tobin and S. Toscano and D. Tosi and M. Tselengidou and A. Turcati and E. Unger and M. Usner and J. Vandenbroucke and N. van Eijndhoven and S. Vanheule and M. van Rossem and J. van Santen and M. Vehring and M. Voge and E. Vogel and M. Vraeghe and C. Walck and A. Wallace and M. Wallraff and N. Wandkowsky and Ch. Weaver and M. J. Weiss and C. Wendt and S. Westerhoff and B. J. Whelan and S. Wickmann and K. Wiebe and C. H. Wiebusch and L. Wille and D. R. Williams and L. Wills and M. Wolf and T. R. Wood and E. Woolsey and K. Woschnagg and D. L. Xu and X. W. Xu and Y. Xu and J. P. Yanez and G. Yodh and S. Yoshida and M. Zoll},
	
	title = {Search for annihilating dark matter in the Sun with 3~years of {IceCube} data},
	
	journal = {The European Physical Journal C}
}